% This file was created with Citavi 6.4.0.35

@electronic{.b,
 url = {https://www.bfs.admin.ch/bfs/de/home/statistiken/mobilitaet-verkehr/unfaelle-umweltauswirkungen/umweltauswirkungen.html}
}


@article{Alfonsin.2014,
 author = {Alfons{\'i}n, V{\'i}ctor and Suarez, Andres and Cancela, Angeles and Sanchez, Angel and Maceiras, Rocio},
 year = {2014},
 title = {{Modelization of hybrid systems with hydrogen and renewable energy oriented to electric propulsion in sailboats}},
 pages = {11763--11773},
 volume = {39},
 number = {22},
 journal = {{International Journal of Hydrogen Energy}}
}


@article{BenjaminFriedhoff.03.03.2016,
 author = {{Benjamin Friedhoff} and {Anne-Christin Schulz} and {Dick Abma} and {Ruud Verbeek} and {Pim van Mensch} and {Anne-Christine Schulz} and {Alexander Lutz}},
 year = {03.03.2016},
 title = {{D1.1 List of operational profiles and fleet families: Identification of the fleet, typical fleet families {\&} operational profiles on European inland waterways}},
 volume = {2016}
}


@book{Birk.2019,
 year = {2019},
 title = {{Fundamentals of Ship Hydrodynamics}},
 address = {Chichester, UK},
 publisher = {{John Wiley {\&} Sons, Ltd}},
 isbn = {9781119191575},
 editor = {Birk, Lothar}
}


@book{Bronsart.2016,
 author = {Bronsart, Robert},
 year = {2016},
 title = {{Glossar Schiffstechnik: Deutsch - Englisch}},
 address = {Hamburg},
 publisher = {{Seehafen Verlag DVV Media Group}},
 isbn = {9783871545566}
}


@article{Bucci.2016,
 author = {Bucci, Vittorio and Marino, Alberto and Bosich, Daniele and Sulligoi, Giorgio},
 abstract = {IEEE Transactions on Transportation Electrification;2016;2;4;10.1109/TTE.2016.2608758},
 year = {2016},
 title = {{Inland Waterway Gas-Fueled Vessels: CASM-Based Electrification of a Pushboat for the European Network}},
 pages = {607--617},
 volume = {2},
 number = {4},
 journal = {{IEEE Transactions on Transportation Electrification}}
}


@article{Cancela.2016,
 author = {Cancela, {\'A}ngeles and Lastra, Ren{\'e} and Alfons{\'i}n, Andr{\'e}s and S{\'a}nchez, {\'A}ngel},
 year = {2016},
 title = {{SIMULATION OF A HYBRID URBAN TRANSPORTATION SCOOTER}},
 volume = {5},
 number = {4},
 journal = {{European Journal of Sustainable Development}}
}


@article{Cancela.2016b,
 author = {Cancela, {\'A}ngeles and Lastra, Ren{\'e} and Alfons{\'i}n, Andr{\'e}s and S{\'a}nchez, {\'A}ngel},
 year = {2016},
 title = {{SIMULATION OF A HYBRID URBAN TRANSPORTATION SCOOTER}},
 volume = {5},
 number = {4},
 journal = {{European Journal of Sustainable Development}}
}


@article{Carli.2020,
 author = {Carli, Raffaele and Dotoli, Mariagrazia and Jantzen, Jan and Kristensen, Michael and {Ben Othman}, Sarah},
 year = {2020},
 title = {{Energy scheduling of a smart microgrid with shared photovoltaic panels and storage: The case of the Ballen marina in Sams{\o}}},
 pages = {117188},
 volume = {198},
 journal = {{Energy}}
}


@article{Choi.2016,
 author = {Choi, Choeng Hoon and Yu, Sungju and Han, In-Su and Kho, Back-Kyun and Kang, Dong-Gug and Lee, Hyun Young and Seo, Myung-Soo and Kong, Jin-Woo and Kim, Gwangyun and Ahn, Jong-Woo and Park, Sang-Kyun and Jang, Dong-Won and Lee, Jung Ho and Kim, Minje},
 abstract = {International Journal of Hydrogen Energy, 41 (2016) 3591-3599. doi:10.1016/j.ijhydene.2015.12.186},
 year = {2016},
 title = {{Development and demonstration of PEM fuel-cell-battery hybrid system for propulsion of tourist boat}},
 pages = {3591--3599},
 volume = {41},
 number = {5},
 journal = {{International Journal of Hydrogen Energy}}
}


@article{ebkowski.2018,
 author = {{\L}ebkowski, Andrzej},
 year = {2018},
 title = {{Reduction of Fuel Consumption and Pollution Emissions in Inland Water Transport by Application of Hybrid Powertrain}},
 pages = {1981},
 volume = {11},
 number = {8},
 journal = {{Energies}}
}


@electronic{ELWIS.2020,
 author = {ELWIS},
 editor = {{Wasserstra{\ss}en- und Schifffahrtsverwaltung des Bundes}},
 year = {2020},
 title = {{Karte}},
 url = {https://www.elwis.de/DE/Karte/},
 urldate = {2020-12-09}
}


@article{Georgakaki.2007,
 author = {Georgakaki, A. and {Sorenson S.C.}},
 year = {2007},
 title = {{PART D: INLAND SHIPPING, in ARTEMIS: Assessment and Reliability of Transport Emission Models and Inventory Systems -- final report}}
}


@article{GoutamKumarSaha.2010,
 author = {{Goutam Kumar Saha} and {Asim Kumar Sarker}},
 year = {2010},
 title = {{OPTIMIZATION OF SHIP HULL PARAMETER OF INLAND VESSEL WITH RESPECT TO REGRESSION BASED RESISTANCE ANALYSIS.}},
 journal = {{The International Conference on Marine Technology}}
}


@article{Haase.2020,
 author = {Haase, Oliver and Apenbrink, Sebastian and Krebs, Sabo Raoul and Segieth, Peter and Holbach, Gerd},
 abstract = {In order to limit the emission of air pollutants as well as the emission of greenhouse gases and thereby reduce the anthropogenic greenhouse gas effect, the requirements in marine and inland shipping with regard to the exhaust emissions have increased in recent years. The research project ELEKTRA is therefore concerned with the development of an energy-efficient hybrid-powered inland waterway push boat. The project will demonstrate hydrogen and fuel cell technology in conjunction with in-ship rechargeable batteries leading to technology validation under field conditions.},
 year = {2020},
 title = {{Design and system integration of a hybrid inland push boat powered by hydrogen fuel cells and Li-ion NMC batteries and the challenge of providing a bunkering infrastructure}},
 pages = {61--68},
 volume = {67},
 number = {2},
 journal = {{Ship Technology Research}}
}


@article{Holtrop.1982,
 author = {Holtrop, J. and Mennen, G.G.J.},
 year = {1982},
 title = {{AN APPROXIMATE POWER PREDICTION METHOD}},
 pages = {166--170},
 number = {335},
 journal = {{International Shipbuilding Progress}}
}


@misc{InternationalTowingTankConference.,
 title = {{ITTC -- Recommended Procedures and Guidelines: Full Scale Measurements Speed and Power Trials  Analysis of Speed/Power Trial Data}}
}


@article{Lap.1958,
 author = {Lap, A.J.W.},
 year = {1958},
 title = {{Some applications of the three-dimensional extrapolation of ship frictional resistance}},
 pages = {249--268},
 volume = {5},
 number = {46},
 journal = {{International Shipbuilding Progress}}
}


@article{Lee.2018,
 author = {Lee, Dong-Yeon and Elgowainy, Amgad and Kotz, Andrew and Vijayagopal, Ram and Marcinkoski, Jason},
 year = {2018},
 title = {{Life-cycle implications of hydrogen fuel cell electric vehicle technology for medium- and heavy-duty trucks}},
 pages = {217--229},
 volume = {393},
 journal = {{Journal of Power Sources}}
}


@article{Letafat.2020,
 author = {Letafat, Armin and Rafiei, Mehdi and Sheikh, Morteza and Afshari-Igder, Mosayeb and Banaei, Mohsen and Boudjadar, Jalil and Khooban, Mohammad Hassan},
 year = {2020},
 title = {{Simultaneous energy management and optimal components sizing of a zero-emission ferry boat}},
 pages = {101215},
 volume = {28},
 journal = {{Journal of Energy Storage}}
}


@book{Lewis.19881989,
 author = {Lewis, Edward V.},
 year = {1988-1989},
 title = {{Principles of naval architecture}},
 address = {Jersey City},
 edition = {2nd revision (3rd ed.)},
 publisher = {{Society of Naval Architects and Marine Engineers}},
 institution = {{Society of Naval Architects and Marine Engineers (U.S.)}}
}


@article{Luthra.,
 author = {Luthra, G. and Tang, K. and {Latorre, Robert}},
 title = {{Improvement of Inland Waterway Vessel And Barge Tow Performance: Translations Of Selected Chinese, German and Russian Technical Articles}}
}


@electronic{MathWorks.2020,
 author = {MathWorks},
 year = {2020},
 title = {{Curve Fitting Toolbox}},
 url = {https://www.mathworks.com/help/curvefit/index.html?searchHighlight=fitting&s_tid=srchtitle},
 urldate = {2020-12-10}
}


@article{MojtabaLajevardi.2019,
 author = {{Mojtaba Lajevardi}, S. and Axsen, Jonn and Crawford, Curran},
 year = {2019},
 title = {{Comparing alternative heavy-duty drivetrains based on GHG emissions, ownership and abatement costs: Simulations of freight routes in British Columbia}},
 pages = {19--55},
 volume = {76},
 journal = {{Transportation Research Part D: Transport and Environment}}
}


@book{Molland.2008,
 author = {Molland, Anthony F.},
 year = {2008},
 title = {{The maritime engineering reference book: A guide to ship design, construction and operation}},
 address = {Amsterdam and Boston and London},
 publisher = {Butterworth-Heinemann},
 isbn = {978-0-7506-8987-8}
}


@incollection{Molland.2017,
 author = {Molland, Anthony F. and Turnock, Stephen R. and Hudson, Dominic A.},
 title = {{Restricted Water Depth and Breadth}},
 pages = {102--112},
 publisher = {{Cambridge University Press}},
 isbn = {9781316494196},
 editor = {Molland, Anthony F. and Turnock, Stephen R. and Hudson, Dominic A.},
 booktitle = {{Ship Resistance and Propulsion}},
 year = {2017}
}


@book{Molland.2017b,
 year = {2017},
 title = {{Ship Resistance and Propulsion}},
 address = {Cambridge},
 publisher = {{Cambridge University Press}},
 isbn = {9781316494196},
 editor = {Molland, Anthony F. and Turnock, Stephen R. and Hudson, Dominic A.}
}


@booklet{Pompee.2015,
 author = {Pomp{\'e}e, Pierre-Jean},
 year = {2015},
 title = {{About modelling inland vessels resistance and propulsion and interaction vessel -waterwayKey parameters driving restricted/shallow water effects: ``SMART RIVERS 2015''}},
 address = {Buenos Aires, Argentina}
}


@electronic{portliner.,
 author = {portliner},
 title = {portliner},
 url = {https://www.portliner.nl/technology}
}


@misc{Rohatgi.2020,
 author = {Rohatgi, Ankit},
 year = {2020},
 title = {{Webplotdigitizer: Version 4.3}}
}


@electronic{SarahKeller.2019,
 author = {{Sarah Keller}},
 year = {2020},
 title = {{Umschlagsvolumen in der deutschen Binnenschifffahrt in ausgew{\"a}hlten H{\"a}fen in den Jahren 2012 bis 2019: Erhebung durch Statistisches Bundesamt}},
 url = {https://de.statista.com/statistik/daten/studie/38266/umfrage/gueterumschlag-in-den-haefen-der-binnenschifffahrt/},
 urldate = {2020-08-04}
}


@electronic{TeamTheNavalArch.2020,
 author = {{Team TheNavalArch}},
 editor = {thenavalarch.com},
 year = {2020},
 title = {{How to use empirical formulas to estimate the resistance of a Ship: Resistance and Propulsion, Ship Design}},
 url = {https://thenavalarch.com/how-to-use-empirical-formulas-to-estimate-the-resistance-of-a-ship/}
}


@electronic{UmweltBundesamt.2020,
 author = {{Umwelt Bundesamt}},
 editor = {{Umwelt Bundesamt}},
 year = {2020},
 title = {{Binnenschiffe: Energieverbrauch und Emissionen von Binnenschiffen}},
 url = {https://www.umweltbundesamt.de/themen/verkehr-laerm/emissionsstandards/binnenschiffe#energieverbrauch-und-emissionen-von-binnenschiffen},
 urldate = {2020-11-24}
}


@electronic{WSV.2020,
 author = {ELWIS},
 editor = {{Wasserstra{\ss}en- und Schifffahrtsverwaltung des Bundes}},
 year = {2020},
 title = {{Wasserst{\"a}nde {\&} Vorhersagen an schifffahrtsrelevanten Pegeln: Rhein}},
 url = {https://www.elwis.de/DE/dynamisch/gewaesserkunde/wasserstaende/index.php?target=2&gw=RHEIN},
 urldate = {2020-12-09}
}


@article{Xu.2020,
 author = {Xu, Zhan and Yan, Yan and Wei, Wei and Sun, Dongke and Ni, Zhonghua},
 year = {2020},
 title = {{Supply system of cryo-compressed hydrogen for fuel cell stacks on heavy duty trucks}},
 pages = {12921--12931},
 volume = {45},
 number = {23},
 journal = {{International Journal of Hydrogen Energy}}
}


@electronic{Zutteletal.A.I.BevanandA..17.6.2020,
 author = {{Z{\"u}ttel et al., A. I. Bevan and A.}},
 abstract = {Download PDF of Performance of a metal hydride store on the ``Ross Barlow'' hydrogen powered canal boat published in Faraday Discussions},
 year = {2020-06-17},
 title = {{Performance of a metal hydride store on the ``Ross Barlow'' hydrogen powered canal boat | Kopernio}},
 url = {https://kopernio.com/viewer?doi=10.1039%2FC0FD00025F&token=WzIzMTIwMDUsIjEwLjEwMzkvQzBGRDAwMDI1RiJd.IFgFOPRG4_cQx1US8JXF8Tf8O_M},
 urldate = {2020-06-17}
}


