% This file was created with Citavi 6.8.0.0

@misc{Hawkins.2019,
	author = {Hawkins, Ed},
	year = {2019},
	title = {{{\#}ShowYourStripes}},
	url = {https://showyourstripes.info/},
	urldate = {2021-04-28}
}


